
@article{keranentoward,
  title={{Toward an IPv6 world in mobile networks}},
  author={KERANEN, ARI and ARKKO, JARI and KRISHNAN, SURESH and GARNEIJ, FREDRIK},
  journal={{Ericsson Review}},
  year={2011}
}

@article{bova1999reliable,
  title={{Reliable UDP protocol}},
  author={Bova, Tom and Krivoruchka, Ted},
  journal={draft-ietf-sigtran-reliable-udp-00.txt},
  year={1999}
}



@misc{johnston2006session,
  title={{Session Initiation Protocol (SIP) Call Control-Conferencing for User Agents}},
  author={Johnston, Alan and Levin, Orit},
  publisher={{RFC 4579, August}},
  year={2006}
}


@article{zhang2007billing,
  title={{Billing Attacks on SIP-Based VoIP Systems}},
  author={Zhang, Ruishan and Wang, Xinyuan and Yang, Xiaohui and Jiang, Xuxian},
  journal={WOOT},
  volume={7},
  pages={1--8},
  year={2007}
}


@misc{arkko2003security,
  title={{Security mechanism agreement for the session initiation protocol (SIP)}},
  author={Arkko, Jari and Camarillo, Gonzalo and Niemi, Aki and Haukka, Tao and Torvinen, Vesa},
  publisher={{RFC 3329, January}},
  year={2003}
}

@article{wang2008ims,
  title={{IMS Security Framework}},
  author={Wang, Zhibi},
  journal={3GPP2 S. S0086-B, Version},
  volume={2},
  year={2008}
}
------------------------------
3GPP specs
------------------------------
@misc{3gpp_ip,
  title={{Architectural requirements}},
  author={{3GPP. ETSI TS 23.221}},
  year={2011}
}

@misc{3gpp_access_sec,
  title={{Access security for IP-based services}},
  author={{3GPP. ETSI TS 33.203}},
  year={2011}
}

@misc{3gpp_net_sec,
  title={{Network Domain Security (NDS); IP network layer security}},
  author={{3GPP. ETSI TS 33.210}},
  year={2011}
}

@misc{3gpp_23203,
  title={{Policy and charging control architecture}},
  author={{3GPP. ETSI TS 23.203}},
  year={2012}
}

@misc{3gpp_ims,
  title={{IP Multimedia Subsystem (IMS) Stage 2}},
  author={{3GPP. ETSI TS 23.228}},
  year={2011}
}

@misc{RCS,
  author = "GSMA",
  title={{Rich Communication Services}},
  year = "2015",
  url = "http://www.gsma.com/network2020/rcs",
  note = "[Online; accessed 10-May-2015]"
}

@misc{global2015evolution,
  author={{Global mobile Suppliers Association and others}},
  title={{Evolution to LTE report}},
  year = "2015",
  url = "http://www.gsacom.com/downloads/pdf/Evolution_to_LTE_report_090415.php4",
  journal={GSM/3G Market/Technology Update},
  note = "[Online; accessed 11-May-2015]"
}

@inproceedings{go2013towards,
  title={{Towards Accurate Accounting of Cellular Data for TCP Retransmission}},
  author={Go, Younghwan and Kune, Denis Foo and Woo, Shinae and Park, KyoungSoo and Kim, Yongdae},
  booktitle={Proceedings of the 14th Workshop on Mobile Computing Systems and Applications},
  pages={2},
  year={2013},
  organization={ACM}
}


@misc{rosenberg2002sip,
  title={{SIP: session initiation protocol}},
  author={Rosenberg, Jonathan and Schulzrinne, Henning and Camarillo, Gonzalo and Johnston, Alan and Peterson, Jon and Sparks, Robert and Handley, Mark and Schooler, Eve and others},
  year={2002},
  publisher={RFC 3261, june}
}

@misc{ozavci2013voip,
  title={{VOIP Wars: Return of the SIP}},
  year={2013},
  journal={DEFCON Las Vegas},
  author={{\"O}zavci, F}
}


@misc{idate2014in,
  author = "IDATE",
  title={{in World LTE market}},
  year = "2014",
  url = "http://www.idate.org/2009/pages/download.php?id=496&idl=21&t=f_telech_actu&fic=Press-release-IDATE-LTE-Trends_VA.pdf&repertoire=news",
  note = "[Online; accessed 11-May-2015]"
}

@misc{Ericsson_press,
  title={{What is voice over LTE?}},
  year={January 2013},
  journal={{Ericsson Press Backgrounder}},
  author={Ericsson}
}


@inproceedings{beekman2013breaking,
  title={{Breaking Cell Phone Authentication: Vulnerabilities in AKA, IMS, and Android}},
  author={Beekman, Jethro and Thompson, Christopher},
  booktitle={WOOT},
  year={2013}
}

@inproceedings{zhang2009feasibility,
  title={{On the feasibility of launching the man-in-the-middle attacks on VoIP from remote attackers}},
  author={Zhang, Ruishan and Wang, Xinyuan and Farley, Ryan and Yang, Xiaohui and Jiang, Xuxian},
  booktitle={{Proceedings of the 4th International Symposium on Information, Computer, and Communications Security}},
  pages={61--69},
  year={2009},
  organization={ACM}
}

@inproceedings{go2014gaining,
  title={{Gaining Control of Cellular Traffic Accounting by Spurious TCP Retransmission}},
  author={Go, Younghwan and Jeong, EunYoung and Won, Jongil and Kim, Yongdae and Kune, Denis Foo and Park, KyoungSoo},
  booktitle={{Proceeding of the Network and Distributed System Security Symposium (NDSS)}},
  year={2014}
}

@inproceedings{peng2012mobile,
  title={{Mobile Data Charging: New Attacks and Countermeasures}},
  author={Peng, Chunyi and Li, Chi-yu and Tu, Guan-Hua and Lu, Songwu and Zhang, Lixia},
  booktitle={{Proceedings of the 2012 ACM conference on Computer and communications security}},
  pages={195--204},
  year={2012},
  organization={ACM}
}

@inproceedings{peng2014real,
  title={{Real Threats to Your Data Bills: Security Loopholes and Defenses in Mobile Data Charging}},
  author={Peng, Chunyi and Li, Chi-Yu and Wang, Hongyi and Tu, Guan-Hua and Lu, Songwu},
  booktitle={{Proceedings of the 2014 ACM SIGSAC Conference on Computer and Communications Security}},
  pages={727--738},
  year={2014},
  organization={ACM}
}



@inproceedings{tu2013accounting,
  title={{Accounting for Roaming Users on Mobile Data Access: Issues and Root Causes}},
  author={Tu, Guan-Hua and Peng, Chunyi and Li, Chi-Yu and Ma, Xingyu and Wang, Hongyi and Wang, Tao and Lu, Songwu},
  booktitle={{Proceeding of the 11th annual international conference on Mobile systems, applications, and services}},
  pages={305--318},
  year={2013},
  organization={ACM}
}

@inproceedings{peng2012can,
  title={{Can We Pay for What We Get in 3G Data Access?}},
  author={Peng, Chunyi and Tu, Guan-hua and Li, Chi-yu and Lu, Songwu},
  booktitle={{Proceedings of the 18th annual international conference on Mobile computing and networking}},
  pages={113--124},
  year={2012},
  organization={ACM}
}

@inproceedings{mohajeri2012skypemorph,
  title={{Skypemorph: Protocol Obfuscation for Tor Bridges}},
  author={Mohajeri Moghaddam, Hooman and Li, Baiyu and Derakhshani, Mohammad and Goldberg, Ian},
  booktitle={{Proceedings of the 2012 ACM conference on Computer and communications security}},
  pages={97--108},
  year={2012},
  organization={ACM}
}


@inproceedings{wang2012censorspoofer,
  title={{Censorspoofer: Asymmetric Communication using Ip Spoofing for Censorship-Resistant Web Browsing}},
  author={Wang, Qiyan and Gong, Xun and Nguyen, Giang TK and Houmansadr, Amir and Borisov, Nikita},
  booktitle={{Proceedings of the 2012 ACM conference on Computer and communications security}},
  pages={121--132},
  year={2012},
  organization={ACM}
}

@inproceedings{houmansadr2013want,
  title={{I want my voice to be heard: IP over Voice-over-IP for Unobservable Censorship Circumvention}},
  author={Houmansadr, Amir and Riedl, Thomas J and Borisov, Nikita and Singer, Andrew C},
  booktitle={{NDSS}},
  year={2013}
}

@inproceedings{traynor2009cellular,
  title={{On Cellular Botnets: Measuring the Impact of Malicious Devices on a Cellular Network Core}},
  author={Traynor, Patrick and Lin, Michael and Ongtang, Machigar and Rao, Vikhyath and Jaeger, Trent and McDaniel, Patrick and La Porta, Thomas},
  booktitle={{Proceedings of the 16th ACM conference on Computer and communications security}},
  pages={223--234},
  year={2009},
  organization={ACM}
}

@inproceedings{mulliner2011sms,
  title={{SMS of Death: From Analyzing to Attacking Mobile Phones on a Large Scale.}},
  author={Mulliner, Collin and Golde, Nico and Seifert, Jean-Pierre},
  booktitle={USENIX Security Symposium},
  year={2011}
}

@inproceedings{golde2013let,
  title={{Let Me Answer That for You: Exploiting Broadcast Information in Cellular Networks}},
  author={Golde, Nico and Redon, K{\'e}vin and Seifert, Jean-Pierre},
  booktitle={{Proceedings of the 22nd USENIX conference on Security}},
  pages={33--48},
  year={2013},
  organization={USENIX Association}
}

@inproceedings{traynor2007attack,
  title={{On Attack Causality in Internet-Connected Cellular Networks}},
  author={Traynor, Patrick and McDaniel, Patrick and La Porta, Thomas and others},
  booktitle={{Proceedings of 16th USENIX Security Symposium on USENIX Security Symposium}},
  pages={1--16},
  year={2007},
  organization={USENIX Association}
}


@misc{gsma_volte,
  author = "{{GSM Association}}",
  title={{VoLTE Service Description and Implementation Guidelines, Version 1.1}},
  year = "2014",
  url = "http://www.gsma.com/network2020/wp-content/uploads/2014/05/FCM.01-v1.1.pdf",
}

@misc{gsma2014volte,
  author = "{{GSM Association}}",
  title={{Voice and Video calls over LTE}},
  url = "{http://www.gsma.com/network2020/volte/}",
  note = "[Online; accessed 14-May-2015]"
}

@inproceedings{enck2005exploiting,
  title={{Exploiting Open Functionality in SMS-Capable Cellular Networks}},
  author={Enck, William and Traynor, Patrick and McDaniel, Patrick and La Porta, Thomas},
  booktitle={{Proceedings of the 12th ACM conference on Computer and communications security}},
  pages={393--404},
  year={2005},
  organization={ACM}
}

@inproceedings{qian2012you,
  title={{You Can Run, but You Can't Hide: Exposing Network Location for Targeted DoS Attacks in Cellular Networks.}},
  author={Qian, Zhiyun and Wang, Zhaoguang and Xu, Qiang and Mao, Zhuoqing Morley and Zhang, Ming and Wang, Yi-Min},
  booktitle={NDSS},
  year={2012}
}

@InProceedings{   weinmann2012baseband,
  title   = {{Baseband Attacks: Remote Exploitation of Memory
    Corruptions in Cellular Protocol Stacks.}},
  author  = {Weinmann, Ralf-Philipp},
  booktitle = {WOOT},
  pages   = {12--21},
  year    = {2012}
}

@InProceedings{   welte2010running,
  title   = {{Running your own GSM stack on a phone}},
  author  = {Welte, Harald and Markgraf, Steve},
  booktitle = {27th Chaos Communication Congress, Berlin},
  year    = {2010}
}


@Article{   delugre2011reverse,
  title   = {{Reverse engineering a Qualcomm baseband}},
  author  = {Delugre, Guillaume},
  journal = {CCC},
  year    = {2011}
}


@Article{   miras2011baseband,
  title   = {Baseband playground},
  author  = {Miras, Luis},
  journal = {Ekoparty,},
  year    = {2011}
}


@article{alves2004trustzone,
  title={TrustZone: Integrated hardware and software security},
  author={Alves, Tiago and Felton, Don},
  journal={ARM white paper},
  volume={3},
  number={4},
  pages={18--24},
  year={2004}
}

@misc{burgess2008openbts,
  title={The OpenBTS Project},
  author={Burgess, David A and Samra, Harvind S and others},
  journal={2008-8)[2013-07-25]. http://openbts, sourceforge, net},
  year={2008}
}

@misc{welte2008openbsc,
  title={OpenBSC},
  author={Welte, H and Freyther, H and Spaar, D and Schmidt, S and Willmann, D and Luebbe, J and Seiler, T and Eversberg, A},
  year={2008}
}
