@inproceedings{kim2015breaking,
  title={Breaking and fixing volte: Exploiting hidden data channels and
    mis-implementations},
  author={Kim, Hongil and Kim, Dongkwan and Kwon, Minhee and Han, Hyungseok
    and Jang, Yeongjin and Han, Dongsu and Kim, Taesoo and Kim, Yongdae},
  booktitle={Proceedings of the 22nd ACM SIGSAC Conference on Computer and
    Communications Security},
  pages={328--339},
  year={2015},
  organization={ACM}
}
